@inproceedings{bloem2014sat,
	title={{SAT}-based methods for circuit synthesis},
	author={Bloem, Roderick and Egly, Uwe and Klampfl, Patrick and K{\"o}nighofer, Robert and Lonsing, Florian},
	booktitle={Proceedings of the 14th Conference on Formal Methods in Computer-Aided Design},
	pages={31--34},
	year={2014},
	organization={FMCAD Inc}
}

@incollection{gupta2006sat,
	title={{SAT}-based verification methods and applications in hardware verification},
	author={Gupta, Aarti and Ganai, Malay K and Wang, Chao},
	booktitle={Formal Methods for Hardware Verification},
	pages={108--143},
	year={2006},
	publisher={Springer}
}

@incollection{nieuwenhuis2006sat,
	title={On {SAT} modulo theories and optimization problems},
	author={Nieuwenhuis, Robert and Oliveras, Albert},
	booktitle={Theory and Applications of Satisfiability Testing-SAT 2006},
	pages={156--169},
	year={2006},
	publisher={Springer}
}

@book{harrison2009handbook,
	title={Handbook of practical logic and automated reasoning},
	author={Harrison, John},
	year={2009},
	publisher={Cambridge University Press}
}

@book{horvitz1992automated,
	title={Automated reasoning for biology and medicine},
	author={Horvitz, Eric J},
	year={1992},
	publisher={Knowledge Systems Laboratory, Section on Medical Informatics, Stanford University}
}

@inproceedings{cook1971complexity,
  title={The complexity of theorem-proving procedures},
  author={Cook, Stephen A},
  booktitle={Proceedings of the third annual ACM symposium on Theory of computing},
  pages={151--158},
  year={1971},
  organization={ACM}
}

@article{davis1960computing,
	title={A computing procedure for quantification theory},
	author={Davis, Martin and Putnam, Hilary},
	journal={Journal of the ACM (JACM)},
	volume={7},
	number={3},
	pages={201--215},
	year={1960},
	publisher={ACM}
}

@article{davis1962machine,
	title={A machine program for theorem-proving},
	author={Davis, Martin and Logemann, George and Loveland, Donald},
	journal={Communications of the ACM},
	volume={5},
	number={7},
	pages={394--397},
	year={1962},
	publisher={ACM}
}

@article{biere2009conflict,
	title={Conflict-driven clause learning {SAT} solvers},
	author={Biere, Armin and Heule, Marijn and van Maaren, Hans and Walsh, Toby},
	journal={Handbook of Satisfiability, Frontiers in Artificial Intelligence and Applications},
	pages={131--153},
	year={2009}
}

@article{plaisted1986structure,
	title={A structure-preserving clause form translation},
	author={Plaisted, David A and Greenbaum, Steven},
	journal={Journal of Symbolic Computation},
	volume={2},
	number={3},
	pages={293--304},
	year={1986},
	publisher={Elsevier}
}

@article{de1992optimality,
	title={An optimality result for clause form translation},
	author={de la Tour, Thierry Boy},
	journal={Journal of Symbolic Computation},
	volume={14},
	number={4},
	pages={283--301},
	year={1992},
	publisher={Elsevier}
}

@Book{bellman2015applied,
	author =	"Richard E. Bellman and Stuart E. Dreyfus",
	title =	"Applied Dynamic Programming",
	publisher =	"Princeton University Press",
	year = 	"1962",
}

@article{nonnengart2001computing,
	title={Computing Small Clause Normal Forms.},
	author={Nonnengart, Andreas and Weidenbach, Christoph},
	journal={Handbook of automated reasoning},
	volume={1},
	pages={335--367},
	year={2001}
}

@inproceedings{jackson2004clause,
	title={Clause form conversions for boolean circuits},
	author={Jackson, Paul and Sheridan, Daniel},
	booktitle={Theory and applications of satisfiability testing},
	pages={183--198},
	year={2004},
	organization={Springer}
}

@book{sipser2012introduction,
	title={Introduction to the Theory of Computation},
	author={Sipser, Michael},
	year={2012},
	publisher={Cengage Learning},
	edition={3rd}
}

@article{younger1967recognition,
	title={Recognition and parsing of context-free languages in time $n^3$},
	author={Younger, Daniel H},
	journal={Information and control},
	volume={10},
	number={2},
	pages={189--208},
	year={1967},
	publisher={Elsevier}
}

@article{sebastiani2009automated,
	title={Automated Reasoning in Modal and Description Logics via {SAT} Encoding: the Case Study of {K}(m)/{ALC}-Satisfiability.},
	author={Sebastiani, Roberto and Vescovi, Michele},
	journal={Journal of Artificial Intelligence Research},
	volume={35},
	number={1},
	pages={343},
	year={2009}
}

@Book{CLRS09,
	author =	"Thomas H. Cormen and Charles E. Leiserson and Ronald
	L. Rivest and Clifford Stein",
	title =	"{I}ntroduction to {A}lgorithms",
	publisher =	"The MIT Press",
	year = 	"2009",
	edition =	"3",
	ISBN = 	"0262033844",
}

@InProceedings{Schulz:LPAR-2013,
	author =       {Stephan Schulz},
	title =        {{System Description: E~1.8}},
	OPTcrossref =  {},
	OPTkey =       {},
	booktitle =    {Proc.\ of the 19th LPAR, Stellenbosch},
	OPTpages =     {735-743},
	year =         {2013},
	editor =       {Ken McMillan and Aart Middeldorp and Andrei Voronkov},
	volume =       {8312},
	OPTnumber =    {},
	series =       {LNCS},
	OPTaddress =   {},
	OPTmonth =     {},
	OPTorganization = {},
	publisher =    {Springer},
	OPTnote =      {},
	annote =       {StS}
}

@Article{raths07jar,
	author =	"Thomas Raths and Jens Otten and Christoph Kreitz",
	title =	"The {ILTP} Problem Library for Intuitionistic Logic",
	journal =	"Journal of Automated Reasoning",
	publisher =	"Springer Netherlands",
	pages =	"261--271",
	volume =	"38",
	number =	"1",
	doi =  	"10.1007/s10817-006-9060-z",
	year = 	"2007",
	doi-url =	"http://dx.doi.org/10.1007/s10817-006-9060-z",
}

@Article{sutcliffe09jar,
	title =	"The {TPTP} problem library and associated
	infrastructure",
	author =	"Geoff Sutcliffe",
	journal =	"Journal of Automated Reasoning",
	volume =	"43",
	number =	"4",
	pages =	"337--362",
	year = 	"2009",
	publisher =	"Springer",
}

@misc{cpp11,
	author = "ISO",
	title  = "{ISO} {I}nternational {S}tandard {ISO}/{IEC} 14882:2011({E}) - {P}rogramming {L}anguage {C}++",
	year   = "2011"
}

@Book{kleene68book,
	author =	"Stephen C. Kleene",
	title =	"Mathematical Logic",
	publisher =	"Wiley and Sons",
	year = 	"1968",
}