
@article{plaisted1986structure,
	title={A structure-preserving clause form translation},
	author={Plaisted, David A. and Greenbaum, Steven},
	journal={Journal of Symbolic Computation},
	volume={2},
	number={3},
	pages={293--304},
	year={1986},
	publisher={Elsevier}
}

@article{de1992optimality,
	title={An optimality result for clause form translation},
	author={Boy de la Tour, Thierry},
	journal={Journal of Symbolic Computation},
	volume={14},
	number={4},
	pages={283--301},
	year={1992},
	publisher={Elsevier}
}

@inproceedings{jackson2004clause,
	title={Clause form conversions for boolean circuits},
	author={Jackson, Paul and Sheridan, Daniel},
	booktitle={Theory and applications of satisfiability testing},
	pages={183--198},
	year={2004},
	organization={Springer}
}
